%% This BibTeX bibliography file was created using BibDesk.
%% http://bibdesk.sourceforge.net/


%% Saved with string encoding Unicode (UTF-8) 

% Attention is all you need Transformers
@inproceedings{vaswani2017attention,
  title={Attention is all you need},
  author={Vaswani, Ashish and Shazeer, Noam and Parmar, Niki and Uszkoreit, Jakob and Jones, Llion and Gomez, Aidan N and Kaiser, {\L}ukasz and Polosukhin, Illia},
  booktitle={Advances in Neural Information Processing Systems},
  volume={30},
  year={2017},
  url={https://arxiv.org/abs/1706.03762}
}
% Bert
@misc{bertpretrainingdeepbidirectional,
      title={BERT: Pre-training of Deep Bidirectional Transformers for Language Understanding}, 
      author={Jacob Devlin and Ming-Wei Chang and Kenton Lee and Kristina Toutanova},
      year={2019},
      eprint={1810.04805},
      archivePrefix={arXiv},
      primaryClass={cs.CL},
      url={https://arxiv.org/abs/1810.04805}, 
}
% dual encoder architecture
@inproceedings{dualencoderarchitecture,
 author = {Bromley, Jane and Guyon, Isabelle and LeCun, Yann and S\"{a}ckinger, Eduard and Shah, Roopak},
 booktitle = {Advances in Neural Information Processing Systems},
 editor = {J. Cowan and G. Tesauro and J. Alspector},
 pages = {},
 publisher = {Morgan-Kaufmann},
 title = {Signature Verification using a "Siamese" Time Delay Neural Network},
 url = {https://proceedings.neurips.cc/paper_files/paper/1993/file/288cc0ff022877bd3df94bc9360b9c5d-Paper.pdf},
 volume = {6},
 year = {1993}
}

% Long Short-Term Memory
@article{hochreiter1997lstm,
  title={Long short-term memory},
  author={Hochreiter, Sepp and Schmidhuber, J{\"u}rgen},
  journal={Neural computation},
  volume={9},
  number={8},
  pages={1735--1780},
  year={1997},
  publisher={MIT Press},
  url={https://www.researchgate.net/publication/13853244}
}
% Gated Recurrent Units
@article{cho2014gru,
  title={Learning phrase representations using RNN encoder-decoder for statistical machine translation},
  author={Cho, Kyunghyun and van Merrienboer, Bart and Gulcehre, Caglar and Bahdanau, Dzmitry and Bougares, Fethi and Schwenk, Holger and Bengio, Yoshua},
  journal={arXiv preprint arXiv:1406.1078},
  year={2014},
  url={https://arxiv.org/abs/1406.1078}
}
%% RAG references
@inproceedings{ragmain,
  title = {Retrieval-Augmented Generation for Knowledge-Intensive NLP Tasks},
  author = {Lewis, Patrick and Perez, Ethan and Piktus, Aleksandra and Petroni, Fabio and Karpukhin, Vladimir and Goyal, Naman and K{\"u}ttler, Heinrich and Lewis, Mike and Yih, Wen-tau and Rockt{\"a}schel, Tim and Riedel, Sebastian},
  booktitle = {Advances in Neural Information Processing Systems (NeurIPS)},
  year = {2020},
  url = {https://arxiv.org/abs/2005.11401}
}

@misc{densepassageretrievalopendomainkarpukhin2020,
      title={Dense Passage Retrieval for Open-Domain Question Answering}, 
      author={Vladimir Karpukhin and Barlas Oğuz and Sewon Min and Patrick Lewis and Ledell Wu and Sergey Edunov and Danqi Chen and Wen-tau Yih},
      year={2020},
      eprint={2004.04906},
      archivePrefix={arXiv},
      primaryClass={cs.CL},
      url={https://arxiv.org/abs/2004.04906}, 
}

@inproceedings{extensivesurvey,
  title = {Leveraging Passage Retrieval with Generative Models for Open Domain Question Answering},
  author = {Izacard, Gautier and Grave, Edouard},
  booktitle = {Proceedings of the 16th Conference of the European Chapter of the Association for Computational Linguistics (EACL)},
  year = {2021},
  url = {https://arxiv.org/abs/2007.01282}
}

% Retrieval
% TF-IDF reference
@article{tf-idf,
  title={Term-weighting approaches in automatic text retrieval},
  author={Salton, Gerard and Buckley, Christopher},
  journal={Information Processing \& Management},
  volume={24},
  number={5},
  pages={513--523},
  year={1988},
  publisher={Pergamon}
}

% Before the BM25 
@inproceedings{Bm25foundation,
author = {Robertson, Stephen and Walker, Steve and Jones, Susan and Hancock-Beaulieu, Micheline and Gatford, Mike},
year = {1994},
month = {01},
pages = {0-},
title = {Okapi at TREC-3.}
}
@article{bm25,
author = {Robertson, Stephen and Zaragoza, Hugo},
year = {2009},
month = {01},
pages = {333-389},
title = {The Probabilistic Relevance Framework: BM25 and Beyond},
volume = {3},
journal = {Foundations and Trends in Information Retrieval},
doi = {10.1561/1500000019}
}

%% Dense vector index
@article{douze2024faiss,
      title={The Faiss library},
      author={Matthijs Douze and Alexandr Guzhva and Chengqi Deng and Jeff Johnson and Gergely Szilvasy and Pierre-Emmanuel Mazaré and Maria Lomeli and Lucas Hosseini and Hervé Jégou},
      year={2024},
      eprint={2401.08281},
      archivePrefix={arXiv},
      primaryClass={cs.LG}
}
%% Retro
@misc{retro,
      title={Improving language models by retrieving from trillions of tokens}, 
      author={Sebastian Borgeaud and Arthur Mensch and Jordan Hoffmann and Trevor Cai and Eliza Rutherford and Katie Millican and George van den Driessche and Jean-Baptiste Lespiau and Bogdan Damoc and Aidan Clark and Diego de Las Casas and Aurelia Guy and Jacob Menick and Roman Ring and Tom Hennigan and Saffron Huang and Loren Maggiore and Chris Jones and Albin Cassirer and Andy Brock and Michela Paganini and Geoffrey Irving and Oriol Vinyals and Simon Osindero and Karen Simonyan and Jack W. Rae and Erich Elsen and Laurent Sifre},
      year={2022},
      eprint={2112.04426},
      archivePrefix={arXiv},
      primaryClass={cs.CL},
      url={https://arxiv.org/abs/2112.04426}, 
}

%% LayoutParser
@article{shen2021layoutparser,
  title={LayoutParser: A Unified Toolkit for Deep Learning Based Document Image Analysis},
  author={Shen, Zejiang and Zhang, Ruochen and Dell, Melissa and Lee, Benjamin Charles Germain and Carlson, Jacob and Li, Weining},
  journal={arXiv preprint arXiv:2103.15348},
  year={2021}
}
%% Mask R-CNN
@INPROCEEDINGS{Mask_R-CNN,
  author={He, Kaiming and Gkioxari, Georgia and Dollár, Piotr and Girshick, Ross},
  booktitle={2017 IEEE International Conference on Computer Vision (ICCV)}, 
  title={Mask R-CNN}, 
  year={2017},
  volume={},
  number={},
  pages={2980-2988},
  keywords={Feature extraction;Image segmentation;Object detection;Semantics;Quantization (signal);Robustness},
  doi={10.1109/ICCV.2017.322}}

%% Weaviate
@misc{weaviate,
  author       = {Weaviate Contributors},
  title        = {Weaviate: An open-source vector database},
  year         = {2023},
  url          = {https://github.com/weaviate/weaviate},
  note         = {Accessed: 2023-12-29}
}

%% Nougat
@misc{blecher2023nougatneuralopticalunderstanding,
      title={Nougat: Neural Optical Understanding for Academic Documents}, 
      author={Lukas Blecher and Guillem Cucurull and Thomas Scialom and Robert Stojnic},
      year={2023},
      eprint={2308.13418},
      archivePrefix={arXiv},
      primaryClass={cs.LG},
      url={https://arxiv.org/abs/2308.13418}, 
}

%% edoclink
@misc{edoclink,
  author       = {Link Consulting},
  title        = {Edoclink: Document and Workflow Management},
  year         = {n.d.},
  url          = {https://linkconsulting.com/edoclink/},
  note         = {Accessed: 2025-01-05}
}

%% evaluation
@misc{wang2024leavedocumentbehindbenchmarking,
      title={Leave No Document Behind: Benchmarking Long-Context LLMs with Extended Multi-Doc QA}, 
      author={Minzheng Wang and Longze Chen and Cheng Fu and Shengyi Liao and Xinghua Zhang and Bingli Wu and Haiyang Yu and Nan Xu and Lei Zhang and Run Luo and Yunshui Li and Min Yang and Fei Huang and Yongbin Li},
      year={2024},
      eprint={2406.17419},
      archivePrefix={arXiv},
      primaryClass={cs.CL},
      url={https://arxiv.org/abs/2406.17419}, 
}

@inproceedings{
thakur2021beir,
title={{BEIR}: A Heterogeneous Benchmark for Zero-shot Evaluation of Information Retrieval Models},
author={Nandan Thakur and Nils Reimers and Andreas R{\"u}ckl{\'e} and Abhishek Srivastava and Iryna Gurevych},
booktitle={Thirty-fifth Conference on Neural Information Processing Systems Datasets and Benchmarks Track (Round 2)},
year={2021},
url={https://openreview.net/forum?id=wCu6T5xFjeJ}
}

@misc{mathew2021documentvisualquestionanswering,
      title={Document Visual Question Answering Challenge 2020}, 
      author={Minesh Mathew and Ruben Tito and Dimosthenis Karatzas and R. Manmatha and C. V. Jawahar},
      year={2021},
      eprint={2008.08899},
      archivePrefix={arXiv},
      primaryClass={cs.CV},
      url={https://arxiv.org/abs/2008.08899}, 
}

## RAG
@article{Cheng2025,
  title={DualRAG: A dual-process approach to integrate reasoning and retrieval for multi-hop question answering},
  author={Rong Cheng and others},
  journal={arXiv preprint arXiv:2504.18243},
  year={2025}
}
@article{Xu2024,
  title={CRP-RAG: Reasoning graph to retrieve, evaluate, and aggregate knowledge},
  author={Xu et al.},
  journal={arXiv preprint arXiv:2024.XXXXX},
  year={2024}
}



